@misc{gym,
  Author = {Greg Brockman and Vicki Cheung and Ludwig Pettersson and Jonas Schneider and John Schulman and Jie Tang and Wojciech Zaremba},
  Title = {OpenAI Gym},
  Year = {2016},
  Eprint = {arXiv:1606.01540},
}
@article{MC,
  title={Efficient memory-based learning for robot control},
  author={Moore, Andrew William},
  year={1990},
  publisher={Citeseer}
}

@inproceedings{mujoco,
  title={Mujoco: A physics engine for model-based control},
  author={Todorov, Emanuel and Erez, Tom and Tassa, Yuval},
  booktitle={Intelligent Robots and Systems (IROS), 2012 IEEE/RSJ International Conference on},
  pages={5026--5033},
  year={2012},
  organization={IEEE}
}
@article{DQN,
   author = {Mnih, Volodymyr and Kavukcuoglu, Koray and Silver, David and Rusu, Andrei A and Veness, Joel and Bellemare, Marc G and Graves, Alex and Riedmiller, Martin and Fidjeland, Andreas K and Ostrovski, Georg %J Nature},
   title = {Human-level control through deep reinforcement learning},
   journal={Nature},
   volume = {518},
   number = {7540},
   pages = {529},
   ISSN = {1476-4687},
   year = {2015},
   type = {Journal Article}
}
@article{AlphaGO,
   author = {Silver, David and Huang, Aja and Maddison, Chris J and Guez, Arthur and Sifre, Laurent and Van Den Driessche, George and Schrittwieser, Julian and Antonoglou, Ioannis and Panneershelvam, Veda and Lanctot, Marc %J nature},
   title = {Mastering the game of Go with deep neural networks and tree search},
   journal={Nature},
   volume = {529},
   number = {7587},
   pages = {484},
   ISSN = {1476-4687},
   year = {2016},
   type = {Journal Article}
}

@misc{OpenAIdota,
  author = {OpenAI},
  title = {OpenAI Five},
  howpublished = {\url{https://blog.openai.com/openai-five/}},
  year = {2018}
}

@inproceedings{RN395,
   author = {Bakker, Bram},
   title = {Reinforcement learning with long short-term memory},
   booktitle = {Advances in neural information processing systems},
   pages = {1475-1482},
   year={2002},
   type = {Conference Proceedings}
}

@inproceedings{RN396,
   author = {Sutton, Richard S and Maei, Hamid Reza and Precup, Doina and Bhatnagar, Shalabh and Silver, David and Szepesv√°ri, Csaba and Wiewiora, Eric},
   title = {Fast gradient-descent methods for temporal-difference learning with linear function approximation},
   booktitle = {Proceedings of the 26th Annual International Conference on Machine Learning},
   publisher = {ACM},
   pages = {993-1000},
   ISBN = {1605585165},
   type = {Conference Proceedings}
}

@article{MxNet,
  title={Mxnet: A flexible and efficient machine learning library for heterogeneous distributed systems},
  author={Chen, Tianqi and Li, Mu and Li, Yutian and Lin, Min and Wang, Naiyan and Wang, Minjie and Xiao, Tianjun and Xu, Bing and Zhang, Chiyuan and Zhang, Zheng},
  journal={arXiv preprint arXiv:1512.01274},
  year={2015}
}

@article{PyTorch,
  title={Automatic differentiation in PyTorch},
  author={Paszke, Adam and Gross, Sam and Chintala, Soumith and Chanan, Gregory and Yang, Edward and DeVito, Zachary and Lin, Zeming and Desmaison, Alban and Antiga, Luca and Lerer, Adam},
  year={2017}
}
@inproceedings{TF,
  title={Tensorflow: a system for large-scale machine learning.},
  author={Abadi, Mart{\'\i}n and Barham, Paul and Chen, Jianmin and Chen, Zhifeng and Davis, Andy and Dean, Jeffrey and Devin, Matthieu and Ghemawat, Sanjay and Irving, Geoffrey and Isard, Michael and others},
  booktitle={OSDI},
  volume={16},
  pages={265--283},
  year={2016}
}
@article{DDPG,
  title={Continuous control with deep reinforcement learning},
  author={Lillicrap, Timothy P. and Hunt, Jonathan J. and Pritzel, Alexander and Heess, Nicolas and Wierstra, Daan},
  journal={Computer Science},
  volume={8},
  number={6},
  pages={A187},
  year={2015},
}

@article{PPO,
  title={Proximal policy optimization algorithms},
  author={Schulman, John and Wolski, Filip and Dhariwal, Prafulla and Radford, Alec and Klimov, Oleg},
  journal={arXiv preprint arXiv:1707.06347},
  year={2017}
}

@article{pnoise,
  title={Parameter space noise for exploration},
  author={Plappert, Matthias and Houthooft, Rein and Dhariwal, Prafulla and Sidor, Szymon and Chen, Richard Y and Chen, Xi and Asfour, Tamim and Abbeel, Pieter and Andrychowicz, Marcin},
  journal={arXiv preprint arXiv:1706.01905},
  year={2017}
}
@article{colas2018gep,
  title={GEP-PG: Decoupling Exploration and Exploitation in Deep Reinforcement Learning Algorithms},
  author={Colas, C{\'e}dric and Sigaud, Olivier and Oudeyer, Pierre-Yves},
  journal={arXiv preprint arXiv:1802.05054},
  year={2018}
}

@article{lehman2011abandoning,
  title={Abandoning objectives: Evolution through the search for novelty alone},
  author={Lehman, Joel and Stanley, Kenneth O},
  journal={Evolutionary computation},
  volume={19},
  number={2},
  pages={189--223},
  year={2011},
  publisher={MIT Press}
}

@inproceedings{conti2018improving,
  title={Improving exploration in evolution strategies for deep reinforcement learning via a population of novelty-seeking agents},
  author={Conti, Edoardo and Madhavan, Vashisht and Such, Felipe Petroski and Lehman, Joel and Stanley, Kenneth and Clune, Jeff},
  booktitle={Advances in Neural Information Processing Systems},
  pages={5032--5043},
  year={2018}
}

@inproceedings{VIME,
  title={Vime: Variational information maximizing exploration},
  author={Houthooft, Rein and Chen, Xi and Duan, Yan and Schulman, John and De Turck, Filip and Abbeel, Pieter},
  booktitle={Advances in Neural Information Processing Systems},
  pages={1109--1117},
  year={2016}
}
@inproceedings{Showdown,
  title={Deep bayesian bandits showdown},
  author={Riquelme, Carlos and Tucker, George and Snoek, Jasper},
  booktitle={International Conference on Learning Representations},
  year={2018}
}
@inproceedings{count1,
  title={\# Exploration: A study of count-based exploration for deep reinforcement learning},
  author={Tang, Haoran and Houthooft, Rein and Foote, Davis and Stooke, Adam and Chen, OpenAI Xi and Duan, Yan and Schulman, John and DeTurck, Filip and Abbeel, Pieter},
  booktitle={Advances in Neural Information Processing Systems},
  pages={2753--2762},
  year={2017}
}
@inproceedings{count2,
  title={Unifying count-based exploration and intrinsic motivation},
  author={Bellemare, Marc and Srinivasan, Sriram and Ostrovski, Georg and Schaul, Tom and Saxton, David and Munos, Remi},
  booktitle={Advances in Neural Information Processing Systems},
  pages={1471--1479},
  year={2016}
}

@inproceedings{EPGRL,
  title={Evolution-Guided Policy Gradient in Reinforcement Learning},
  author={Khadka, Shauharda and Tumer, Kagan},
  booktitle={Advances in Neural Information Processing Systems},
  pages={1196--1208},
  year={2018}
}
@inproceedings{ERL2,
  title={Improving exploration in evolution strategies for deep reinforcement learning via a population of novelty-seeking agents},
  author={Conti, Edoardo and Madhavan, Vashisht and Such, Felipe Petroski and Lehman, Joel and Stanley, Kenneth and Clune, Jeff},
  booktitle={Advances in Neural Information Processing Systems},
  pages={5032--5043},
  year={2018}
}

@article{TS,
  title={On the likelihood that one unknown probability exceeds another in view of the evidence of two samples},
  author={Thompson, William R},
  journal={Biometrika},
  volume={25},
  number={3/4},
  pages={285--294},
  year={1933},
  publisher={JSTOR}
}

@article{TStutorial,
  title={A tutorial on thompson sampling},
  author={Russo, Daniel J and Van Roy, Benjamin and Kazerouni, Abbas and Osband, Ian and Wen, Zheng and others},
  journal={Foundations and Trends{\textregistered} in Machine Learning},
  volume={11},
  number={1},
  pages={1--96},
  year={2018},
  publisher={Now Publishers, Inc.}
}

@inproceedings{BDQN,
  title={Deep exploration via bootstrapped DQN},
  author={Osband, Ian and Blundell, Charles and Pritzel, Alexander and Van Roy, Benjamin},
  booktitle={Advances in neural information processing systems},
  pages={4026--4034},
  year={2016}
}

@article{dropoutInference,
  title={Bayesian policy gradients via alpha divergence dropout inference},
  author={Henderson, Peter and Doan, Thang and Islam, Riashat and Meger, David},
  journal={arXiv preprint arXiv:1712.02037},
  year={2017}
}

@article{lastLayerBayes,
  title={Efficient Exploration through Bayesian Deep Q-Networks},
  author={Azizzadenesheli, Kamyar and Brunskill, Emma and Anandkumar, Animashree},
  journal={arXiv preprint arXiv:1802.04412},
  year={2018}
}

@article{osband2018randomized,
  title={Randomized Prior Functions for Deep Reinforcement Learning},
  author={Osband, Ian and Aslanides, John and Cassirer, Albin},
  journal={arXiv preprint arXiv:1806.03335},
  year={2018}
}

@inproceedings{SGLD,
  title={Bayesian learning via stochastic gradient Langevin dynamics},
  author={Welling, Max and Teh, Yee W},
  booktitle={Proceedings of the 28th International Conference on Machine Learning (ICML-11)},
  pages={681--688},
  year={2011}
}

@article{liu2017stein,
  title={Stein variational policy gradient},
  author={Liu, Yang and Ramachandran, Prajit and Liu, Qiang and Peng, Jian},
  journal={arXiv preprint arXiv:1704.02399},
  year={2017}
}

@inproceedings{pSGLD,
  title={Preconditioned Stochastic Gradient Langevin Dynamics for Deep Neural Networks.},
  author={Li, Chunyuan and Chen, Changyou and Carlson, David E and Carin, Lawrence},
  booktitle={AAAI},
  volume={2},
  number={3},
  pages={4},
  year={2016}
}

@inproceedings{SGHMC,
  title={Stochastic gradient hamiltonian monte carlo},
  author={Chen, Tianqi and Fox, Emily and Guestrin, Carlos},
  booktitle={International Conference on Machine Learning},
  pages={1683--1691},
  year={2014}
}

@article{SGFS,
  title={Bayesian posterior sampling via stochastic gradient Fisher scoring},
  author={Ahn, Sungjin and Korattikara, Anoop and Welling, Max},
  journal={arXiv preprint arXiv:1206.6380},
  year={2012}
}
@article{rmsprop,
  title={Lecture 6.5-rmsprop: Divide the gradient by a running average of its recent magnitude},
  author={Tieleman, Tijmen and Hinton, Geoffrey},
  journal={COURSERA: Neural networks for machine learning},
  volume={4},
  number={2},
  pages={26--31},
  year={2012}
}
